[gd_resource type="ShaderMaterial" load_steps=91 format=3 uid="uid://dep8chn43tmhx"]

[sub_resource type="VisualShaderNodeMix" id="VisualShaderNodeMix_jvjw8"]
default_input_values = [0, Vector3(0, 0, 0), 1, Vector3(1, 1, 1), 2, Vector3(0.5, 0.5, 0.5)]
op_type = 3

[sub_resource type="VisualShaderNodeMix" id="VisualShaderNodeMix_pqd27"]
default_input_values = [0, Vector3(0, 0, 0), 1, Vector3(0, 0, 0), 2, Vector3(0.5, 0.5, 0.5)]
op_type = 3

[sub_resource type="VisualShaderNodeFloatOp" id="VisualShaderNodeFloatOp_uf6ah"]

[sub_resource type="VisualShaderNodeFloatFunc" id="VisualShaderNodeFloatFunc_xb8ko"]
function = 30

[sub_resource type="VisualShaderNodeFloatOp" id="VisualShaderNodeFloatOp_3bngn"]
operator = 2

[sub_resource type="VisualShaderNodeFloatConstant" id="VisualShaderNodeFloatConstant_krrgv"]
constant = 24.0

[sub_resource type="VisualShaderNodeFloatOp" id="VisualShaderNodeFloatOp_66v1u"]
operator = 3

[sub_resource type="VisualShaderNodeMix" id="VisualShaderNodeMix_gagb2"]
default_input_values = [0, 0.0, 1, 1.0, 2, 0.0]

[sub_resource type="VisualShaderNodeFloatOp" id="VisualShaderNodeFloatOp_efeyn"]
default_input_values = [0, 1.0, 1, 1000.0]
operator = 3

[sub_resource type="VisualShaderNodeGlobalExpression" id="VisualShaderNodeGlobalExpression_cttt6"]
size = Vector2(834.6, 176.2)
expression = "uniform sampler2D screen : hint_screen_texture, filter_linear_mipmap;"

[sub_resource type="VisualShaderNodeColorFunc" id="VisualShaderNodeColorFunc_vvxnb"]
function = 1

[sub_resource type="VisualShaderNodeColorFunc" id="VisualShaderNodeColorFunc_c2clb"]
function = 2

[sub_resource type="VisualShaderNodeVectorOp" id="VisualShaderNodeVectorOp_ydewj"]
default_input_values = [0, Vector3(0, 0, 0), 1, Vector3(1, 1.6, 1.5)]
operator = 2

[sub_resource type="VisualShaderNodeColorFunc" id="VisualShaderNodeColorFunc_ilw3h"]
function = 1

[sub_resource type="VisualShaderNodeColorFunc" id="VisualShaderNodeColorFunc_3vtof"]
function = 2

[sub_resource type="VisualShaderNodeVectorOp" id="VisualShaderNodeVectorOp_40xrb"]
default_input_values = [0, Vector3(0, 0, 0), 1, Vector3(0.9, 0.2, 0.8)]
operator = 2

[sub_resource type="VisualShaderNodeSmoothStep" id="VisualShaderNodeSmoothStep_pe17p"]
default_input_values = [0, Vector3(0, 0, 0), 1, Vector3(1, 1, 1), 2, Vector3(0.5, 0.5, 0.5)]
op_type = 3

[sub_resource type="VisualShaderNodeVectorOp" id="VisualShaderNodeVectorOp_36yyc"]
default_input_values = [0, Vector2(0, 0), 1, Vector2(326, 326)]
op_type = 0
operator = 3

[sub_resource type="VisualShaderNodeTexture2DParameter" id="VisualShaderNodeTexture2DParameter_favve"]
parameter_name = "Noise"
color_default = 1
texture_filter = 1
texture_repeat = 1

[sub_resource type="VisualShaderNodeInput" id="VisualShaderNodeInput_3le34"]
input_name = "time"

[sub_resource type="VisualShaderNodeVectorOp" id="VisualShaderNodeVectorOp_6kd6d"]
default_input_values = [0, Vector2(0, 0), 1, Vector2(0, 0)]
op_type = 0

[sub_resource type="VisualShaderNodeVectorOp" id="VisualShaderNodeVectorOp_btgpq"]
default_input_values = [0, Vector2(0, 0), 1, Vector2(72.993, 11.929)]
op_type = 0
operator = 2

[sub_resource type="FastNoiseLite" id="FastNoiseLite_6u8eb"]
seed = 2
frequency = 0.316

[sub_resource type="NoiseTexture2D" id="NoiseTexture2D_vidyk"]
width = 1024
height = 1024
seamless = true
noise = SubResource("FastNoiseLite_6u8eb")

[sub_resource type="VisualShaderNodeTexture" id="VisualShaderNodeTexture_6veuo"]
source = 5
texture = SubResource("NoiseTexture2D_vidyk")

[sub_resource type="VisualShaderNodeFloatParameter" id="VisualShaderNodeFloatParameter_ckdvc"]
parameter_name = "Size"
hint = 1
min = 0.25
max = 4.0
default_value_enabled = true
default_value = 1.0

[sub_resource type="VisualShaderNodeFloatOp" id="VisualShaderNodeFloatOp_rhh0n"]
default_input_values = [0, 256.0, 1, 0.0]
operator = 2

[sub_resource type="FastNoiseLite" id="FastNoiseLite_n7shl"]
seed = 2
frequency = 0.316

[sub_resource type="NoiseTexture2D" id="NoiseTexture2D_klqmt"]
width = 1024
height = 1024
seamless = true
noise = SubResource("FastNoiseLite_n7shl")

[sub_resource type="VisualShaderNodeTexture" id="VisualShaderNodeTexture_okc5o"]
source = 5
texture = SubResource("NoiseTexture2D_klqmt")

[sub_resource type="FastNoiseLite" id="FastNoiseLite_fir2w"]
seed = 2
frequency = 0.316

[sub_resource type="NoiseTexture2D" id="NoiseTexture2D_0ndgv"]
width = 1024
height = 1024
seamless = true
noise = SubResource("FastNoiseLite_fir2w")

[sub_resource type="VisualShaderNodeTexture" id="VisualShaderNodeTexture_6bawh"]
source = 5
texture = SubResource("NoiseTexture2D_0ndgv")

[sub_resource type="VisualShaderNodeMultiplyAdd" id="VisualShaderNodeMultiplyAdd_ovc5a"]
default_input_values = [0, Vector2(0, 0), 1, Vector2(0.6, 0.6), 2, Vector2(0.3, 0.82)]
op_type = 1

[sub_resource type="VisualShaderNodeMultiplyAdd" id="VisualShaderNodeMultiplyAdd_bje2w"]
default_input_values = [0, Vector2(0, 0), 1, Vector2(0.8, 0.8), 2, Vector2(0.44, 0.74)]
op_type = 1

[sub_resource type="VisualShaderNodeVectorCompose" id="VisualShaderNodeVectorCompose_wjbs7"]

[sub_resource type="VisualShaderNodeVectorOp" id="VisualShaderNodeVectorOp_p1aqt"]
default_input_values = [0, Vector3(0, 0, 0), 1, Vector3(0.5, 0.5, 0.5)]
operator = 2

[sub_resource type="Curve" id="Curve_ql8oy"]
_data = [Vector2(0, 0), 0.0, 1.0, 0, 1, Vector2(1, 1), 1.0, 0.0, 1, 0]
point_count = 2

[sub_resource type="CurveTexture" id="CurveTexture_gthrr"]
curve = SubResource("Curve_ql8oy")

[sub_resource type="VisualShaderNodeCurveTexture" id="VisualShaderNodeCurveTexture_lbg0s"]
texture = SubResource("CurveTexture_gthrr")

[sub_resource type="VisualShaderNodeInput" id="VisualShaderNodeInput_nr0r3"]
input_name = "uv"

[sub_resource type="VisualShaderNodeVectorDecompose" id="VisualShaderNodeVectorDecompose_tnftg"]
default_input_values = [0, Vector2(0, 0)]
op_type = 0

[sub_resource type="VisualShaderNodeMix" id="VisualShaderNodeMix_icrd7"]
default_input_values = [0, Vector3(0, 0, 0), 1, Vector3(1, 1, 1), 2, Vector3(0.5, 0.5, 0.5)]
op_type = 3

[sub_resource type="VisualShaderNodeFloatParameter" id="VisualShaderNodeFloatParameter_pth10"]
parameter_name = "Saturation"
hint = 1
default_value_enabled = true
default_value = 1.0

[sub_resource type="VisualShaderNodeFloatParameter" id="VisualShaderNodeFloatParameter_slooe"]
parameter_name = "Amount"
hint = 1
default_value_enabled = true
default_value = 0.5

[sub_resource type="VisualShaderNodeVectorOp" id="VisualShaderNodeVectorOp_clnqf"]
operator = 5

[sub_resource type="VisualShaderNodeFloatConstant" id="VisualShaderNodeFloatConstant_2e16l"]
constant = 1.8

[sub_resource type="VisualShaderNodeFloatOp" id="VisualShaderNodeFloatOp_a32qb"]
operator = 5

[sub_resource type="VisualShaderNodeDerivativeFunc" id="VisualShaderNodeDerivativeFunc_l5i41"]
default_input_values = [0, Vector3(0, 0, 0)]
op_type = 2
function = 2

[sub_resource type="VisualShaderNodeFloatOp" id="VisualShaderNodeFloatOp_dfa6o"]
operator = 2

[sub_resource type="VisualShaderNodeFloatFunc" id="VisualShaderNodeFloatFunc_3q3ux"]
function = 31

[sub_resource type="VisualShaderNodeInput" id="VisualShaderNodeInput_ivopx"]
output_port_for_preview = 0
input_name = "screen_pixel_size"

[sub_resource type="VisualShaderNodeTexture" id="VisualShaderNodeTexture_1v7ym"]
source = 1

[sub_resource type="VisualShaderNodeVectorOp" id="VisualShaderNodeVectorOp_lict0"]
default_input_values = [0, Vector2(0, 0), 1, Vector2(0, 0)]
op_type = 0

[sub_resource type="VisualShaderNodeVectorOp" id="VisualShaderNodeVectorOp_lyls4"]
default_input_values = [0, Vector2(0, 0), 1, Vector2(-0.5, -0.5)]
op_type = 0

[sub_resource type="VisualShaderNodeVectorOp" id="VisualShaderNodeVectorOp_3texf"]
default_input_values = [0, Vector2(0, 0), 1, Vector2(0, 0)]
op_type = 0
operator = 2

[sub_resource type="VisualShaderNodeVec2Parameter" id="VisualShaderNodeVec2Parameter_4vuae"]
parameter_name = "DistortionAmount"
default_value_enabled = true
default_value = Vector2(0.1, 0.1)

[sub_resource type="VisualShaderNodeVec2Parameter" id="VisualShaderNodeVec2Parameter_5ww66"]
parameter_name = "DistortionOffset"
default_value_enabled = true

[sub_resource type="VisualShaderNodeTexture" id="VisualShaderNodeTexture_wvxs0"]
source = 5
texture = SubResource("NoiseTexture2D_0ndgv")

[sub_resource type="VisualShaderNodeInput" id="VisualShaderNodeInput_7rhgy"]
output_port_for_preview = 0
input_name = "screen_uv"

[sub_resource type="VisualShaderNodeMultiplyAdd" id="VisualShaderNodeMultiplyAdd_4nnu2"]
default_input_values = [0, Vector2(0, 0), 1, Vector2(0, 1), 2, Vector2(0, 0)]
op_type = 1

[sub_resource type="VisualShaderNodeTexture" id="VisualShaderNodeTexture_4w2mx"]
source = 1

[sub_resource type="VisualShaderNodeTexture" id="VisualShaderNodeTexture_v38ns"]
source = 1

[sub_resource type="VisualShaderNodeVectorOp" id="VisualShaderNodeVectorOp_elvqt"]
default_input_values = [0, Vector2(0, 0), 1, Vector2(0.01, 0)]
op_type = 0

[sub_resource type="VisualShaderNodeVectorOp" id="VisualShaderNodeVectorOp_50qvp"]
default_input_values = [0, Vector2(0, 0), 1, Vector2(-0.01, 0)]
op_type = 0

[sub_resource type="VisualShaderNodeVectorDecompose" id="VisualShaderNodeVectorDecompose_42mgm"]

[sub_resource type="VisualShaderNodeVectorDecompose" id="VisualShaderNodeVectorDecompose_3smy0"]

[sub_resource type="VisualShaderNodeVectorDecompose" id="VisualShaderNodeVectorDecompose_te41p"]

[sub_resource type="VisualShaderNodeVectorCompose" id="VisualShaderNodeVectorCompose_8f8fj"]

[sub_resource type="VisualShaderNodeVectorOp" id="VisualShaderNodeVectorOp_v8yko"]
default_input_values = [0, Vector2(0, 0), 1, Vector2(0, 0)]
op_type = 0
operator = 3

[sub_resource type="VisualShaderNodeFloatOp" id="VisualShaderNodeFloatOp_541he"]
default_input_values = [0, 3.0, 1, 0.0]

[sub_resource type="VisualShaderNodeFloatOp" id="VisualShaderNodeFloatOp_ec8rx"]
default_input_values = [0, 7.0, 1, 0.0]

[sub_resource type="VisualShaderNodeFloatFunc" id="VisualShaderNodeFloatFunc_vqu2x"]
function = 0

[sub_resource type="VisualShaderNodeFloatFunc" id="VisualShaderNodeFloatFunc_e4vwd"]
function = 0

[sub_resource type="VisualShaderNodeFloatFunc" id="VisualShaderNodeFloatFunc_cadup"]
function = 0

[sub_resource type="VisualShaderNodeRemap" id="VisualShaderNodeRemap_2w3mh"]
default_input_values = [1, -1.0, 2, 1.0, 3, 0.0, 4, 3.0]

[sub_resource type="VisualShaderNodeRemap" id="VisualShaderNodeRemap_0e6wd"]
default_input_values = [1, -1.0, 2, 1.0, 3, 0.0, 4, 3.0]

[sub_resource type="VisualShaderNodeRemap" id="VisualShaderNodeRemap_ru64c"]
default_input_values = [1, -1.0, 2, 1.0, 3, 0.0, 4, 3.0]

[sub_resource type="VisualShaderNodeMix" id="VisualShaderNodeMix_dk5v1"]
default_input_values = [0, Vector3(0, 0, 0), 1, Vector3(1, 1, 1), 2, Vector3(0.5, 0.5, 0.5)]
op_type = 3

[sub_resource type="VisualShaderNodeFloatConstant" id="VisualShaderNodeFloatConstant_bt2bv"]
constant = 0.3

[sub_resource type="VisualShaderNodeVec2Parameter" id="VisualShaderNodeVec2Parameter_5t1qu"]
parameter_name = "Distortion_Quantize"

[sub_resource type="VisualShaderNodeVectorFunc" id="VisualShaderNodeVectorFunc_2lkm3"]
default_input_values = [0, Vector2(0, 0)]
op_type = 0
function = 23

[sub_resource type="VisualShaderNodeVectorOp" id="VisualShaderNodeVectorOp_p0qdm"]
default_input_values = [0, Vector2(0, 0), 1, Vector2(0, 0)]
op_type = 0
operator = 2

[sub_resource type="VisualShaderNodeVectorOp" id="VisualShaderNodeVectorOp_31vgx"]
default_input_values = [0, Vector2(0, 0), 1, Vector2(0, 0)]
op_type = 0
operator = 3

[sub_resource type="VisualShaderNodeExpression" id="VisualShaderNodeExpression_xmugu"]
size = Vector2(834.6, 929.76)
expression = "/*float quant = 3.0;
noise_in = round(in * quant) / quant;
noise_in.y = 0.0;
//noise = in;
out = screen_uv;*/

vec2 uv = screen_uv;

uv.x += time / 15.0 + screen_uv.y * 5.0;
uv.x /= 50.0 + tan(time * 10.0) * 8.0;

vec4 noise = texture (noise_in, uv);

noise = (round(noise * 11.0) / 11.0) * 0.9 - noise * 0.1;

vec2 uv2 = screen_uv;

uv2.x += (noise.x - 0.5) / 10.0;

vec2 of_g = vec2(sin(time) / 100.0, 0);
vec2 of_b = vec2(sin(time + 42.0) / 100.0, 0);
float lod_r = sin(time + 2.0) + 1.0;
float lod_g = sin(time + 3.0) + 1.0;
float lod_b = sin(time + 4.0) + 1.0;

vec4 col_r = textureLod (screen, uv2, lod_r);
vec4 col_g = textureLod (screen, uv2 + of_g, lod_g);
vec4 col_b = textureLod (screen, uv2 + of_b, lod_b);

//out.rgb = noise.rgb;
out.rgb = vec3(col_r.r, col_g.g, col_b.b);"

[sub_resource type="VisualShaderNodeTexture" id="VisualShaderNodeTexture_oh7u5"]
source = 5
texture = SubResource("NoiseTexture2D_vidyk")

[sub_resource type="VisualShaderNodeVec2Parameter" id="VisualShaderNodeVec2Parameter_xr50c"]
parameter_name = "Speed"
default_value_enabled = true
default_value = Vector2(72.881, 23.292)

[sub_resource type="VisualShader" id="VisualShader_sjj4f"]
code = "shader_type canvas_item;
render_mode unshaded;

uniform float Size : hint_range(0.25, 4) = 1;
uniform vec2 Speed = vec2(72.880997, 23.292000);
uniform sampler2D Noise : hint_default_black, filter_nearest, repeat_enable;
uniform float Saturation : hint_range(0, 1) = 1;


// GlobalExpression:0
	uniform sampler2D screen : hint_screen_texture, filter_linear_mipmap;

void fragment() {
// Input:7
	vec2 n_out7p0 = SCREEN_UV;


// Input:6
	vec2 n_out6p0 = SCREEN_PIXEL_SIZE;


// VectorOp:8
	vec2 n_out8p0 = n_out7p0 / n_out6p0;


// FloatParameter:35
	float n_out35p0 = Size;


// FloatOp:36
	float n_in36p0 = 256.00000;
	float n_out36p0 = n_in36p0 * n_out35p0;


// VectorOp:14
	vec2 n_out14p0 = n_out8p0 / vec2(n_out36p0);


// Input:19
	float n_out19p0 = TIME;


// FloatConstant:106
	float n_out106p0 = 24.000000;


// FloatOp:105
	float n_out105p0 = n_out19p0 * n_out106p0;


// FloatFunc:104
	float n_out104p0 = trunc(n_out105p0);


// FloatOp:107
	float n_out107p0 = n_out104p0 / n_out106p0;


// FloatOp:109
	float n_in109p0 = 1.00000;
	float n_in109p1 = 1000.00000;
	float n_out109p0 = n_in109p0 / n_in109p1;


// Mix:108
	float n_out108p0 = mix(n_out107p0, n_out19p0, n_out109p0);


// FloatOp:103
	float n_in103p1 = 0.00000;
	float n_out103p0 = n_out108p0 + n_in103p1;


// Vector2Parameter:97
	vec2 n_out97p0 = Speed;


// VectorOp:22
	vec2 n_out22p0 = vec2(n_out103p0) * n_out97p0;


// VectorOp:20
	vec2 n_out20p0 = n_out14p0 + n_out22p0;


// MultiplyAdd:41
	vec2 n_in41p1 = vec2(0.60000, 0.60000);
	vec2 n_in41p2 = vec2(0.30000, 0.82000);
	vec2 n_out41p0 = fma(n_out20p0, n_in41p1, n_in41p2);


	vec4 n_out40p0;
// Texture2D:40
	n_out40p0 = texture(Noise, n_out41p0);


// MultiplyAdd:42
	vec2 n_in42p1 = vec2(0.80000, 0.80000);
	vec2 n_in42p2 = vec2(0.44000, 0.74000);
	vec2 n_out42p0 = fma(n_out20p0, n_in42p1, n_in42p2);


	vec4 n_out39p0;
// Texture2D:39
	n_out39p0 = texture(Noise, n_out42p0);


	vec4 n_out3p0;
// Texture2D:3
	n_out3p0 = texture(Noise, n_out20p0);


// VectorCompose:43
	vec3 n_out43p0 = vec3(n_out40p0.x, n_out39p0.x, n_out3p0.x);


	vec3 n_out95p0;
// Expression:95
	n_out95p0 = vec3(0.0, 0.0, 0.0);
	{
		/*float quant = 3.0;
		Noise = round(n_out43p0 * quant) / quant;
		Noise.y = 0.0;
		//noise = n_out43p0;
		n_out95p0 = n_out7p0;*/
		
		vec2 uv = n_out7p0;
		
		uv.x += n_out103p0 / 15.0 + n_out7p0.y * 5.0;
		uv.x /= 50.0 + tan(n_out103p0 * 10.0) * 8.0;
		
		vec4 noise = texture (Noise, uv);
		
		noise = (round(noise * 11.0) / 11.0) * 0.9 - noise * 0.1;
		
		vec2 uv2 = n_out7p0;
		
		uv2.x += (noise.x - 0.5) / 10.0;
		
		vec2 of_g = vec2(sin(n_out103p0) / 100.0, 0);
		vec2 of_b = vec2(sin(n_out103p0 + 42.0) / 100.0, 0);
		float lod_r = sin(n_out103p0 + 2.0) + 1.0;
		float lod_g = sin(n_out103p0 + 3.0) + 1.0;
		float lod_b = sin(n_out103p0 + 4.0) + 1.0;
		
		vec4 col_r = textureLod (screen, uv2, lod_r);
		vec4 col_g = textureLod (screen, uv2 + of_g, lod_g);
		vec4 col_b = textureLod (screen, uv2 + of_b, lod_b);
		
		//n_out95p0.rgb = noise.rgb;
		n_out95p0.rgb = vec3(col_r.r, col_g.g, col_b.b);
	}


	vec3 n_out113p0;
// ColorFunc:113
	{
		vec3 c = n_out95p0;
		vec4 K = vec4(0.0, -1.0 / 3.0, 2.0 / 3.0, -1.0);
		vec4 p = mix(vec4(c.bg, K.wz), vec4(c.gb, K.xy), step(c.b, c.g));
		vec4 q = mix(vec4(p.xyw, c.r), vec4(c.r, p.yzx), step(p.x, c.r));
		float d = q.x - min(q.w, q.y);
		float e = 1.0e-10;
		n_out113p0 = vec3(abs(q.z + (q.w - q.y) / (6.0 * d + e)), d / (q.x + e), q.x);
	}


// VectorOp:114
	vec3 n_in114p1 = vec3(1.00000, 1.60000, 1.50000);
	vec3 n_out114p0 = n_out113p0 * n_in114p1;


	vec3 n_out112p0;
// ColorFunc:112
	{
		vec3 c = n_out114p0;
		vec4 K = vec4(1.0, 2.0 / 3.0, 1.0 / 3.0, 3.0);
		vec3 p = abs(fract(c.xxx + K.xyz) * 6.0 - K.www);
		n_out112p0 = c.z * mix(K.xxx, clamp(p - K.xxx, 0.0, 1.0), c.y);
	}


// SmoothStep:118
	vec3 n_in118p0 = vec3(0.00000, 0.00000, 0.00000);
	vec3 n_in118p1 = vec3(1.00000, 1.00000, 1.00000);
	vec3 n_out118p0 = smoothstep(n_in118p0, n_in118p1, n_out112p0);


// FloatParameter:52
	float n_out52p0 = Saturation;


// Mix:51
	vec3 n_out51p0 = mix(vec3(n_out39p0.xyz), n_out43p0, vec3(n_out52p0));


	vec3 n_out116p0;
// ColorFunc:116
	{
		vec3 c = n_out51p0;
		vec4 K = vec4(0.0, -1.0 / 3.0, 2.0 / 3.0, -1.0);
		vec4 p = mix(vec4(c.bg, K.wz), vec4(c.gb, K.xy), step(c.b, c.g));
		vec4 q = mix(vec4(p.xyw, c.r), vec4(c.r, p.yzx), step(p.x, c.r));
		float d = q.x - min(q.w, q.y);
		float e = 1.0e-10;
		n_out116p0 = vec3(abs(q.z + (q.w - q.y) / (6.0 * d + e)), d / (q.x + e), q.x);
	}


// VectorOp:117
	vec3 n_in117p1 = vec3(0.90000, 0.20000, 0.80000);
	vec3 n_out117p0 = n_out116p0 * n_in117p1;


	vec3 n_out115p0;
// ColorFunc:115
	{
		vec3 c = n_out117p0;
		vec4 K = vec4(1.0, 2.0 / 3.0, 1.0 / 3.0, 3.0);
		vec3 p = abs(fract(c.xxx + K.xyz) * 6.0 - K.www);
		n_out115p0 = c.z * mix(K.xxx, clamp(p - K.xxx, 0.0, 1.0), c.y);
	}


// FloatConstant:89
	float n_out89p0 = 0.300000;


// Mix:100
	vec3 n_out100p0 = mix(n_out118p0, n_out115p0, vec3(n_out89p0));


// Mix:101
	vec3 n_in101p1 = vec3(0.00000, 0.00000, 0.00000);
	vec3 n_in101p2 = vec3(0.50000, 0.50000, 0.50000);
	vec3 n_out101p0 = mix(n_out100p0, n_in101p1, n_in101p2);


// Output:0
	COLOR.rgb = n_out101p0;


}
"
graph_offset = Vector2(4770.37, 1176.47)
mode = 1
flags/unshaded = true
flags/light_only = false
nodes/fragment/0/position = Vector2(6160, 780)
nodes/fragment/3/node = SubResource("VisualShaderNodeTexture_6veuo")
nodes/fragment/3/position = Vector2(780, 160)
nodes/fragment/6/node = SubResource("VisualShaderNodeInput_ivopx")
nodes/fragment/6/position = Vector2(-940, 240)
nodes/fragment/7/node = SubResource("VisualShaderNodeInput_7rhgy")
nodes/fragment/7/position = Vector2(-980, -280)
nodes/fragment/8/node = SubResource("VisualShaderNodeVectorOp_v8yko")
nodes/fragment/8/position = Vector2(-400, 140)
nodes/fragment/14/node = SubResource("VisualShaderNodeVectorOp_36yyc")
nodes/fragment/14/position = Vector2(60, -20)
nodes/fragment/16/node = SubResource("VisualShaderNodeTexture2DParameter_favve")
nodes/fragment/16/position = Vector2(-120, 600)
nodes/fragment/19/node = SubResource("VisualShaderNodeInput_3le34")
nodes/fragment/19/position = Vector2(-1400, -820)
nodes/fragment/20/node = SubResource("VisualShaderNodeVectorOp_6kd6d")
nodes/fragment/20/position = Vector2(300, -60)
nodes/fragment/22/node = SubResource("VisualShaderNodeVectorOp_btgpq")
nodes/fragment/22/position = Vector2(-20, -480)
nodes/fragment/35/node = SubResource("VisualShaderNodeFloatParameter_ckdvc")
nodes/fragment/35/position = Vector2(-480, -180)
nodes/fragment/36/node = SubResource("VisualShaderNodeFloatOp_rhh0n")
nodes/fragment/36/position = Vector2(-220, -160)
nodes/fragment/39/node = SubResource("VisualShaderNodeTexture_okc5o")
nodes/fragment/39/position = Vector2(780, -40)
nodes/fragment/40/node = SubResource("VisualShaderNodeTexture_6bawh")
nodes/fragment/40/position = Vector2(800, -200)
nodes/fragment/41/node = SubResource("VisualShaderNodeMultiplyAdd_ovc5a")
nodes/fragment/41/position = Vector2(600, -280)
nodes/fragment/42/node = SubResource("VisualShaderNodeMultiplyAdd_bje2w")
nodes/fragment/42/position = Vector2(560, -60)
nodes/fragment/43/node = SubResource("VisualShaderNodeVectorCompose_wjbs7")
nodes/fragment/43/position = Vector2(1180, 120)
nodes/fragment/44/node = SubResource("VisualShaderNodeVectorOp_p1aqt")
nodes/fragment/44/position = Vector2(1920, -40)
nodes/fragment/45/node = SubResource("VisualShaderNodeCurveTexture_lbg0s")
nodes/fragment/45/position = Vector2(2540, -520)
nodes/fragment/46/node = SubResource("VisualShaderNodeInput_nr0r3")
nodes/fragment/46/position = Vector2(1740, -520)
nodes/fragment/47/node = SubResource("VisualShaderNodeVectorDecompose_tnftg")
nodes/fragment/47/position = Vector2(2160, -500)
nodes/fragment/51/node = SubResource("VisualShaderNodeMix_icrd7")
nodes/fragment/51/position = Vector2(1480, -140)
nodes/fragment/52/node = SubResource("VisualShaderNodeFloatParameter_pth10")
nodes/fragment/52/position = Vector2(1160, -360)
nodes/fragment/53/node = SubResource("VisualShaderNodeFloatParameter_slooe")
nodes/fragment/53/position = Vector2(1480, 340)
nodes/fragment/54/node = SubResource("VisualShaderNodeVectorOp_clnqf")
nodes/fragment/54/position = Vector2(2900, 360)
nodes/fragment/55/node = SubResource("VisualShaderNodeFloatConstant_2e16l")
nodes/fragment/55/position = Vector2(2140, 160)
nodes/fragment/56/node = SubResource("VisualShaderNodeFloatOp_a32qb")
nodes/fragment/56/position = Vector2(2700, 380)
nodes/fragment/57/node = SubResource("VisualShaderNodeDerivativeFunc_l5i41")
nodes/fragment/57/position = Vector2(1840, 200)
nodes/fragment/58/node = SubResource("VisualShaderNodeFloatOp_dfa6o")
nodes/fragment/58/position = Vector2(2300, 460)
nodes/fragment/59/node = SubResource("VisualShaderNodeFloatFunc_3q3ux")
nodes/fragment/59/position = Vector2(2040, 240)
nodes/fragment/61/node = SubResource("VisualShaderNodeTexture_1v7ym")
nodes/fragment/61/position = Vector2(4300, -320)
nodes/fragment/63/node = SubResource("VisualShaderNodeVectorOp_lict0")
nodes/fragment/63/position = Vector2(3800, -180)
nodes/fragment/65/node = SubResource("VisualShaderNodeVectorOp_lyls4")
nodes/fragment/65/position = Vector2(2780, 20)
nodes/fragment/66/node = SubResource("VisualShaderNodeVectorOp_3texf")
nodes/fragment/66/position = Vector2(2900, -40)
nodes/fragment/67/node = SubResource("VisualShaderNodeVec2Parameter_4vuae")
nodes/fragment/67/position = Vector2(2640, -260)
nodes/fragment/68/node = SubResource("VisualShaderNodeVec2Parameter_5ww66")
nodes/fragment/68/position = Vector2(2160, -200)
nodes/fragment/69/node = SubResource("VisualShaderNodeTexture_wvxs0")
nodes/fragment/69/position = Vector2(1160, -520)
nodes/fragment/70/node = SubResource("VisualShaderNodeMultiplyAdd_4nnu2")
nodes/fragment/70/position = Vector2(600, -480)
nodes/fragment/71/node = SubResource("VisualShaderNodeTexture_4w2mx")
nodes/fragment/71/position = Vector2(4300, -160)
nodes/fragment/72/node = SubResource("VisualShaderNodeTexture_v38ns")
nodes/fragment/72/position = Vector2(4320, 80)
nodes/fragment/73/node = SubResource("VisualShaderNodeVectorOp_elvqt")
nodes/fragment/73/position = Vector2(4120, -160)
nodes/fragment/74/node = SubResource("VisualShaderNodeVectorOp_50qvp")
nodes/fragment/74/position = Vector2(4100, 80)
nodes/fragment/75/node = SubResource("VisualShaderNodeVectorDecompose_42mgm")
nodes/fragment/75/position = Vector2(4560, -300)
nodes/fragment/76/node = SubResource("VisualShaderNodeVectorDecompose_3smy0")
nodes/fragment/76/position = Vector2(4560, -140)
nodes/fragment/77/node = SubResource("VisualShaderNodeVectorDecompose_te41p")
nodes/fragment/77/position = Vector2(4560, 40)
nodes/fragment/78/node = SubResource("VisualShaderNodeVectorCompose_8f8fj")
nodes/fragment/78/position = Vector2(4900, -140)
nodes/fragment/80/node = SubResource("VisualShaderNodeFloatOp_541he")
nodes/fragment/80/position = Vector2(2940, -880)
nodes/fragment/81/node = SubResource("VisualShaderNodeFloatOp_ec8rx")
nodes/fragment/81/position = Vector2(2940, -720)
nodes/fragment/82/node = SubResource("VisualShaderNodeFloatFunc_vqu2x")
nodes/fragment/82/position = Vector2(3120, -880)
nodes/fragment/83/node = SubResource("VisualShaderNodeFloatFunc_e4vwd")
nodes/fragment/83/position = Vector2(3100, -1020)
nodes/fragment/84/node = SubResource("VisualShaderNodeFloatFunc_cadup")
nodes/fragment/84/position = Vector2(3140, -720)
nodes/fragment/85/node = SubResource("VisualShaderNodeRemap_2w3mh")
nodes/fragment/85/position = Vector2(3440, -980)
nodes/fragment/86/node = SubResource("VisualShaderNodeRemap_0e6wd")
nodes/fragment/86/position = Vector2(3360, -780)
nodes/fragment/87/node = SubResource("VisualShaderNodeRemap_ru64c")
nodes/fragment/87/position = Vector2(3380, -520)
nodes/fragment/88/node = SubResource("VisualShaderNodeMix_dk5v1")
nodes/fragment/88/position = Vector2(5380, 260)
nodes/fragment/89/node = SubResource("VisualShaderNodeFloatConstant_bt2bv")
nodes/fragment/89/position = Vector2(4880, 440)
nodes/fragment/91/node = SubResource("VisualShaderNodeVec2Parameter_5t1qu")
nodes/fragment/91/position = Vector2(3000, 180)
nodes/fragment/92/node = SubResource("VisualShaderNodeVectorFunc_2lkm3")
nodes/fragment/92/position = Vector2(3460, -20)
nodes/fragment/93/node = SubResource("VisualShaderNodeVectorOp_p0qdm")
nodes/fragment/93/position = Vector2(3300, -20)
nodes/fragment/94/node = SubResource("VisualShaderNodeVectorOp_31vgx")
nodes/fragment/94/position = Vector2(3600, 60)
nodes/fragment/95/node = SubResource("VisualShaderNodeExpression_xmugu")
nodes/fragment/95/position = Vector2(3160, 1460)
nodes/fragment/95/size = Vector2(834.6, 929.76)
nodes/fragment/95/input_ports = "0,4,in;1,3,screen_uv;2,8,noise_in;3,0,time;"
nodes/fragment/95/output_ports = "0,4,out;"
nodes/fragment/95/expression = "/*float quant = 3.0;
noise_in = round(in * quant) / quant;
noise_in.y = 0.0;
//noise = in;
out = screen_uv;*/

vec2 uv = screen_uv;

uv.x += time / 15.0 + screen_uv.y * 5.0;
uv.x /= 50.0 + tan(time * 10.0) * 8.0;

vec4 noise = texture (noise_in, uv);

noise = (round(noise * 11.0) / 11.0) * 0.9 - noise * 0.1;

vec2 uv2 = screen_uv;

uv2.x += (noise.x - 0.5) / 10.0;

vec2 of_g = vec2(sin(time) / 100.0, 0);
vec2 of_b = vec2(sin(time + 42.0) / 100.0, 0);
float lod_r = sin(time + 2.0) + 1.0;
float lod_g = sin(time + 3.0) + 1.0;
float lod_b = sin(time + 4.0) + 1.0;

vec4 col_r = textureLod (screen, uv2, lod_r);
vec4 col_g = textureLod (screen, uv2 + of_g, lod_g);
vec4 col_b = textureLod (screen, uv2 + of_b, lod_b);

//out.rgb = noise.rgb;
out.rgb = vec3(col_r.r, col_g.g, col_b.b);"
nodes/fragment/96/node = SubResource("VisualShaderNodeTexture_oh7u5")
nodes/fragment/96/position = Vector2(1140, 700)
nodes/fragment/97/node = SubResource("VisualShaderNodeVec2Parameter_xr50c")
nodes/fragment/97/position = Vector2(-300, -680)
nodes/fragment/100/node = SubResource("VisualShaderNodeMix_jvjw8")
nodes/fragment/100/position = Vector2(5160, 620)
nodes/fragment/101/node = SubResource("VisualShaderNodeMix_pqd27")
nodes/fragment/101/position = Vector2(5620, 660)
nodes/fragment/103/node = SubResource("VisualShaderNodeFloatOp_uf6ah")
nodes/fragment/103/position = Vector2(-400, -860)
nodes/fragment/104/node = SubResource("VisualShaderNodeFloatFunc_xb8ko")
nodes/fragment/104/position = Vector2(-940, -940)
nodes/fragment/105/node = SubResource("VisualShaderNodeFloatOp_3bngn")
nodes/fragment/105/position = Vector2(-1100, -1040)
nodes/fragment/106/node = SubResource("VisualShaderNodeFloatConstant_krrgv")
nodes/fragment/106/position = Vector2(-1340, -1060)
nodes/fragment/107/node = SubResource("VisualShaderNodeFloatOp_66v1u")
nodes/fragment/107/position = Vector2(-700, -1060)
nodes/fragment/108/node = SubResource("VisualShaderNodeMix_gagb2")
nodes/fragment/108/position = Vector2(-580, -880)
nodes/fragment/109/node = SubResource("VisualShaderNodeFloatOp_efeyn")
nodes/fragment/109/position = Vector2(-840, -740)
nodes/fragment/111/node = SubResource("VisualShaderNodeGlobalExpression_cttt6")
nodes/fragment/111/position = Vector2(3160, 1280)
nodes/fragment/111/size = Vector2(834.6, 176.2)
nodes/fragment/111/input_ports = ""
nodes/fragment/111/output_ports = ""
nodes/fragment/111/expression = "uniform sampler2D screen : hint_screen_texture, filter_linear_mipmap;"
nodes/fragment/112/node = SubResource("VisualShaderNodeColorFunc_vvxnb")
nodes/fragment/112/position = Vector2(4320, 1240)
nodes/fragment/113/node = SubResource("VisualShaderNodeColorFunc_c2clb")
nodes/fragment/113/position = Vector2(4000, 1280)
nodes/fragment/114/node = SubResource("VisualShaderNodeVectorOp_ydewj")
nodes/fragment/114/position = Vector2(4180, 1260)
nodes/fragment/115/node = SubResource("VisualShaderNodeColorFunc_ilw3h")
nodes/fragment/115/position = Vector2(4580, 660)
nodes/fragment/116/node = SubResource("VisualShaderNodeColorFunc_3vtof")
nodes/fragment/116/position = Vector2(4140, 720)
nodes/fragment/117/node = SubResource("VisualShaderNodeVectorOp_40xrb")
nodes/fragment/117/position = Vector2(4420, 700)
nodes/fragment/118/node = SubResource("VisualShaderNodeSmoothStep_pe17p")
nodes/fragment/118/position = Vector2(4600, 1240)
nodes/fragment/connections = PackedInt32Array(7, 0, 8, 0, 6, 0, 8, 1, 8, 0, 14, 0, 16, 0, 3, 2, 14, 0, 20, 0, 20, 0, 3, 0, 22, 0, 20, 1, 35, 0, 36, 1, 36, 0, 14, 1, 16, 0, 39, 2, 16, 0, 40, 2, 20, 0, 41, 0, 41, 0, 40, 0, 20, 0, 42, 0, 42, 0, 39, 0, 40, 0, 43, 0, 39, 0, 43, 1, 3, 0, 43, 2, 46, 0, 47, 0, 47, 0, 45, 0, 39, 0, 51, 0, 43, 0, 51, 1, 51, 0, 44, 0, 52, 0, 51, 2, 53, 0, 44, 1, 44, 0, 54, 0, 55, 0, 54, 1, 55, 0, 56, 1, 51, 0, 57, 0, 58, 0, 56, 0, 53, 0, 58, 1, 57, 0, 59, 0, 59, 0, 58, 0, 63, 0, 61, 0, 65, 0, 66, 0, 67, 0, 66, 1, 68, 0, 65, 1, 16, 0, 69, 2, 20, 0, 70, 0, 70, 0, 69, 0, 69, 0, 65, 0, 63, 0, 73, 0, 73, 0, 71, 0, 63, 0, 74, 0, 74, 0, 72, 0, 61, 0, 75, 0, 71, 0, 76, 0, 72, 0, 77, 0, 75, 0, 78, 0, 76, 1, 78, 1, 77, 2, 78, 2, 80, 0, 82, 0, 81, 0, 84, 0, 83, 0, 85, 0, 85, 0, 61, 1, 82, 0, 86, 0, 84, 0, 87, 0, 86, 0, 71, 1, 87, 0, 72, 1, 78, 0, 88, 0, 54, 0, 88, 1, 89, 0, 88, 2, 66, 0, 93, 0, 91, 0, 93, 1, 93, 0, 92, 0, 92, 0, 94, 0, 91, 0, 94, 1, 7, 0, 95, 1, 97, 0, 22, 1, 43, 0, 95, 0, 16, 0, 95, 2, 89, 0, 100, 2, 100, 0, 101, 0, 103, 0, 83, 0, 103, 0, 80, 1, 103, 0, 81, 1, 103, 0, 22, 0, 19, 0, 105, 0, 105, 0, 104, 0, 106, 0, 105, 1, 106, 0, 107, 1, 104, 0, 107, 0, 107, 0, 108, 0, 108, 0, 103, 0, 19, 0, 108, 1, 109, 0, 108, 2, 103, 0, 95, 3, 101, 0, 0, 0, 95, 0, 113, 0, 113, 0, 114, 0, 114, 0, 112, 0, 116, 0, 117, 0, 117, 0, 115, 0, 51, 0, 116, 0, 115, 0, 100, 1, 112, 0, 118, 2, 118, 0, 100, 0, 118, 0, 63, 0)

[sub_resource type="FastNoiseLite" id="FastNoiseLite_lpgt8"]
frequency = 0.1
fractal_octaves = 1
fractal_lacunarity = 0.2
fractal_gain = 1.0
domain_warp_enabled = true
domain_warp_amplitude = 1000.0
domain_warp_frequency = 0.01

[sub_resource type="NoiseTexture2D" id="NoiseTexture2D_1d275"]
height = 256
seamless = true
noise = SubResource("FastNoiseLite_lpgt8")

[resource]
shader = SubResource("VisualShader_sjj4f")
shader_parameter/Size = 1.0
shader_parameter/Speed = Vector2(72.881, 23.292)
shader_parameter/Saturation = 1.0
shader_parameter/Noise = SubResource("NoiseTexture2D_1d275")
